00591cas a22002291a 4500
001 999251313502836
003 Nz
005 20161026100706.0
008 031213d18841885nz  r ne      000 a0eng d
035    $a (Nz)8123546
035    $a (NLNZils)925131
035    $a (NLNZils)925131-ilsdb
035    $a (OCoLC)964635274
040    $a WN $c WN
042    $a nznb
043    $a u-nz---
245 00 $a Aratapu gazette.
260    $a [Aratapu, N.Z. : $b s.n., $c 1884-1885]
310    $a Weekly?
362 0  $a 1884 May?-1885 Mar.?
651  0 $a Aratapu (N.Z.) $v Newspapers.
655  7 $a New Zealand newspapers. $2 local $5 Nz
